@book{applied,
author = {Richard Dalven},
year = {1990},
title = {Introduction to applied solid state physics},
publisher = {Springer-Verlag},
address = {Boston, MA},
doi = {10.1007/978-1-4684-l330-4},
isbn = {978-1-4684-1330-4}
}

@book{hudson,
author = {Alvin Hudson és Rex Nelson},
year = {1994},
title = {Útban a modern fizikához},
publisher = {LSI Oktatóközpont},
address = {Budapest},
isbn = {9789635771974}
}

@book{mizsei,
title = {Félvezetős kémiai érzékelők},
series = {A szilárdtestkutatás újabb eredményei},
number = {17},
year = {1987},
publisher = {Akadémiai Kiadó},
isbn = {963-05-4256-0},
author = {Harsányi József és Mizsei János}
}

@article{poisson-boltzmann,
title = {Analytic resolution of Poisson–Boltzmann equation in nanometric semiconductor junctions},
journal = {Solid-State Electronics},
volume = {53},
number = {1},
pages = {107-116},
year = {2009},
issn = {0038-1101},
doi = {https://doi.org/10.1016/j.sse.2008.10.008},
url = {https://www.sciencedirect.com/science/article/pii/S0038110108003481},
author = {Hugues Murray},
}

@article{surface_states,
  doi = {10.1103/physrev.101.1272},
  url = {https://doi.org/10.1103/physrev.101.1272},
  year = {1956},
  month = {2},
  publisher = {American Physical Society ({APS})},
  volume = {101},
  number = {4},
  pages = {1272--1281},
  author = {H. Statz and G. A. deMars and L. Davis and A. Adams},
  title = {Surface States on Silicon and Germanium Surfaces},
  journal = {Physical Review}
}

@article{einstein,
author = {Albert Einstein},
year = {1905},
title = {Über einen die Erzeugung und Verwandlung des Lichtes betreffenden heuristischen Gesichttspunkt},
journal = {Annalen der Physik},
volume = {17},
pages = {132-148},
}

@article{noncircular,
author = {Jan Francu és Petra Nováˇcková és Premsyl Janicek},
year = {2012},
title = {TORSION OF A NON-CIRCULAR BAR},
journal = {Engineering MECHANICS},
volume = {19},
pages = {45–60},
}

%@article{meander,
%author = {Barillaro, Giuseppe and Molfese, Antonio and Nannini, Andrea and Pieri, Francesco},
%year = {2005},
%month = {02},
%pages = {736},
%title = {Analysis, simulation and relative performances of two kinds of serpentine springs},
%volume = {15},
%journal = {Journal of Micromechanics and Microengineering},
%doi = {10.1088/0960-1317/15/4/010}
%}

@article{etch,
	doi = {10.1088/0960-1317/9/1/306},
	url = {https://doi.org/10.1088/0960-1317/9/1/306},
	year = 1999,
	month = {jan},
	publisher = {IOP Publishing},
	volume = {9},
	number = {1},
	pages = {51--57},
	author = {Alexander Hölke and H Thurman Henderson},
	title = {Ultra-deep anisotropic etching of (110) silicon},
	journal = {Journal of Micromechanics and Microengineering}
}

@article{pn_stop,
	doi = {10.1016/0924-4247(93)80149-B},
	url = {https://doi.org/10.1016/0924-4247(93)80149-B},
	year = 1993,
	month = {feb},
	volume = {35},
	number = {3},
	pages = {181-187},
	author = {Wu Chong-rue},
	title = {An investigation on p-n junction etch stop},
	journal = {Sensors and Actuators A: Physical}
}

@misc{eqns,
title = {Element Properties},
url = {https://nptel.ac.in/courses/105105041/m3l9.pdf},
urldate = {2019-05-16},
}

@misc{fem_nonwiki,
title = {Finite Element Method},
url = {https://www.comsol.com/multiphysics/finite-element-method},
urldate = {2019-05-16},
}

@misc{two_springs_page,
titel = {Introduction to Finite Element Analysis
(FEA) or Finite Element Method (FEM)},
url = {https://www.engr.uvic.ca/~mech410/lectures/FEA_Theory.pdf},
urldate = {2019-05-16},
}

@misc{sparse,
title = {Direct Solvers for Sparse Matrices },
url = {http://www.netlib.org/utk/people/JackDongarra/etemplates/node388.html},
urldate = {2019-05-16},
}

@misc{ansys_nonlin,
title = {Newton-Raphson Procedure},
url = {https://www.sharcnet.ca/Software/Ansys/16.2.3/en-us/help/ans_thry/thy_tool10.html},
urldate = {2019-05-16},
}

@misc{trans126,
title = {Electromechanical Transducer},
url = {https://www.sharcnet.ca/Software/Ansys/17.0/en-us/help/ans_elem/Hlp_E_TRANS126.html},
urldate = {2019-05-16},
}

@misc{cmatrix,
title = {Capacity coefficients},
url = {https://www.sharcnet.ca/Software/Ansys/17.0/en-us/help/ans_cmd/Hlp_C_CMATRIX.html},
urldate = {2019-05-16},
}

@misc{mesh_refinement,
title = {Finite Element Mesh Refinement},
url = {https://www.comsol.com/multiphysics/mesh-refinement},
urldate = {2019-05-16},
}

@misc{thermoelastic_damping,
title = {Thermoelastic Damping in a MEMS Resonator},
url = {https://www.comsol.com/model/download/647941/models.mems.thermoelastic_damping_3d.pdf},
urldate = {2020-10-25},
}

@book{MEMS_damping,
author = {Shirin Ghaffari and Thomas William Kenny},
year = {2015},
title = {Resonant MEMS, Fundamentals, Implementation and ApplicationChapter: 3. Damping in Resonant MEMS},
publisher = {Wiley-VCH Verlag GmbH and Co. KGaA},
isbn = {978-3-527-33545-9}
}

@misc{Matlab,
title = {Matlab from Mathworks},
url = {https://mathworks.com/},
urldate = {2020-10-25}
}

@misc{history,
title = {Comsol Realase History},
url = {https://www.comsol.com/release-history},
urldate = {2020-10-25}
}

@inproceedings{micromirror,
author = {Mere and Viphretuo andMaharshi and Vikram and Aditi and Agarwal and Ajay},
year = {2014},
month = {03},
pages = {},
title = {Thermally Actuated MEMS Micromirror: Design Aspects}
}

@article{large_out_of_plane,
author = {Torres, David and Dooley, Sarah and Starman, LaVern},
year = {2018},
month = {11},
pages = {1072},
title = {Large Out-of-Plane Deflection MEMS Actuators for Optical Applications},
volume = {2},
journal = {Proceedings},
doi = {10.3390/proceedings2131072}
}

@inbook{brai,
author = {Izhar, Umer and Albermani, F. and Preethichandra, D.M.G. and Sul, J. and Janse van Rensburg, Petrus},
year = {2020},
month = {01},
pages = {985-993},
title = {An Electrothermally Actuated MEMS Braille Dot},
isbn = {978-981-13-7603-0},
doi = {10.1007/978-981-13-7603-0_93}
}

@thesis{bsc,
author = {Deák Elemér Dávid},
year = {2019},
title = {MEMS rezgőkondenzátor tervezése Kelvin-szondás mérésekhez - BSc szakdolgozat},
url = {https://diplomaterv.vik.bme.hu/hu/Theses/MEMS-rezgokondenzator-tervezese-Kelvinszondas}
}

@thesis{tdk2020,
author = {Deák Elemér Dávid},
year = {2020},
title = {MEMS rezgőkondenzátor tervezése Kelvin-szondás mérésekhez - TDK dolgozat},
url = {https://tdk.bme.hu/VIK/eleszk/a126}
}

@article{meander,
author = {Lishchynska, Maryna and Cordero, Nicolas and Slattery, Orla and O'Mahony, Conor},
year = {2006},
month = {06},
pages = {200-205},
title = {Spring Constant Models for Analysis and Design of MEMS Plates on Straight or Meander Tethers},
volume = {4},
journal = {Sensor Letters},
doi = {10.1166/sl.2006.011}
}

@article{shear_lock,
title = "Shear locking in one-dimensional finite element methods",
journal = "European Journal of Mechanics - A/Solids",
volume = "79",
pages = "103871",
year = "2020",
issn = "0997-7538",
doi = "https://doi.org/10.1016/j.euromechsol.2019.103871",
url = "http://www.sciencedirect.com/science/article/pii/S0997753819302840",
author = "J.A. Baier-Saip and P.A. Baier and A.R. {de Faria} and J.C. Oliveira and H. Baier",
keywords = "Beam, Finite element methods, Shear locking",
abstract = "The accuracy of the results obtained with Finite Element Methods depends on the basis functions employed to approximate the displacement fields. If the beam is very thin, there can be shear locking and the numerical approximation leads to erroneous solutions. In this work, shear locking is analyzed by calculating expressly the curves of the transverse deflection, the cross-section rotation, and the shear strain in different approaches. The influence of the ratio between the shear stiffness and the bending stiffness is explicitly shown when force and moment loads are applied. It is concluded that the locking behavior at nodes is not the decisive factor to assess the quality of the solution. The important point is to analyze the entire curves when the ratio between the stiffnesses is varied. It is verified that the mixed interpolation and the discrete shear gap approaches are superior to the pure displacement and to the field consistency approaches."
}

@article{conformal,
author = {Albayrak, Erhan},
year = {2001},
month = {01},
pages = {},
title = {Calculation of the Potential and Electric Flux Lines for Parallel Plate Capacitors with Symmetrically Placed Equal Lengths by Using the Method of Conformal Mapping},
volume = {25},
journal = {Turkish Journal of Physics}
}

@book{elvil,
author = {Simonyi Károly és Zombory László},
year = {2000},
title = {Elméleti villamoságtan 12. kiadás},
publisher = {Műszaki Könyvkiadó},
isbn = {963-16-3058-7}
}

@article{Kelvin_desc,
author = {Charrier, Dimitri S. H. and Kemerink, Martijn and Smalbrugge, Barry E. and de Vries, Tjibbe and Janssen, René A. J.},
title = {Real versus Measured Surface Potentials in Scanning Kelvin Probe Microscopy},
journal = {ACS Nano},
volume = {2},
number = {4},
pages = {622-626},
year = {2008},
doi = {10.1021/nn700190t},
note ={PMID: 19206591},
URL = {https://doi.org/10.1021/nn700190t},
eprint = {https://doi.org/10.1021/nn700190t}
}

@misc{conjugate,
title = {Conjugate gradient method},
url = {https://www.cs.cmu.edu/~quake-papers/painless-conjugate-gradient.pdf},
}

@INPROCEEDINGS{microfluidicMEMS,
author={Henning, A.K.},
booktitle={1998 IEEE Aerospace Conference Proceedings},
title={Microfluidic MEMS},
year={1998},
volume={1},
number={},
pages={471-486 vol.1},
doi={10.1109/AERO.1998.686945}
}

@INPROCEEDINGS{chemicalMEMS,
author={Sparks, D. and Riley, D. and Cruz, V. and Tran, N. and Chimbayo, A. and Najafi, N. and Kawaguchi, K. and Yasuda, M.},
booktitle={TRANSDUCERS 2007 - 2007 International Solid-State Sensors, Actuators and Microsystems Conference},
title={Embedded MEMS-Based Concentration Sensor for Improved Active Fuel Cell Performance},
year={2007},
volume={},
number={},
pages={1911-1914},
doi={10.1109/SENSOR.2007.4300532}
}

@INPROCEEDINGS{bioMEMS,
author={Shengyuan Yang and Saif, T.},
booktitle={17th IEEE International Conference on Micro Electro Mechanical Systems. Maastricht MEMS 2004 Technical Digest},
title={Mechanical response of single living cells by bio-MEMS sensors},
year={2004},
volume={},
number={},
pages={265-267},
doi={10.1109/MEMS.2004.1290573}
}

@misc{bsc_instability,
title = {Instability of paralell plate capacitors on springs},
url = {https://physicstasks.eu/3250/capacitor-with-plate-on-a-spring},
urldate = {2021-10-27},
}

@misc{bem,
title = {Boundary element method},
url = {https://perso.univ-rennes1.fr/martin.costabel/publis/Co_PrinciplesBEM.pdf},
urldate = {2021-10-27},
}

@misc{fvm,
title = {Finite volumes method},
url = {http://www.scholarpedia.org/article/Finite_volume_metho},
urldate = {2021-10-27},
}

@misc{fdm,
title = {Finite difference method},
url = {https://www.ljll.math.upmc.fr/frey/cours/UdC/ma691/ma691_ch6.pdf},
urldate = {2021-10-27},
}

@misc{comsol,
title = {COMSOL MULTYPHYSICS},
url = {https://www.comsol.com/},
urldate = {2021-10-27},
}

@misc{livelink,
title = {LiveLink},
url = {https://doc.comsol.com/5.4/doc/com.comsol.help.llmatlab/LiveLinkForMATLABUsersGuide.pdf},
urldate = {2021-10-27},
}

@misc{Wiener,
title = {BROWNIAN MOTION},
url = {https://galton.uchicago.edu/~lalley/Courses/313/BrownianMotionCurrent.pdf},
urldate = {2022-05-15},
}

@inproceedings{moment_method,
author = {Sarboland, Maryam and Aminataei, Azim},
year = {2010},
month = {03},
pages = {},
title = {Solving PDEs by moment's method with radial basis functions}
}

@misc{vibro_measurement,
title = {Non-Contact Surface Charge/Voltage Measurements},
url = {https://www.advancedenergy.com/globalassets/resources-root/application-notes/en-esvm-capacitive-probe-application-note.pdf},
urldate = {2021-10-27},
}

@misc{integrating_factor,
title = {Integrating Factor Method},
url = {https://weber.itn.liu.se/~krzma/DS2017/Integrating%20factor%20method.pdf},
urldate = {2022-05-08}
}

@misc{FFT_deriv,
title = {Notes on FFT-based differentiation},
url = {https://math.mit.edu/~stevenj/fft-deriv.pdf},
urldate = {2022-05-08}
}

@misc{SDE,
title = {Stochastic Differential Equations},
url = {https://ethz.ch/content/dam/ethz/special-interest/mavt/dynamic-systems-n-control/idsc-dam/Lectures/Stochastic-Systems/SDE.pdf},
urldate = {2022-05-08}
}

@misc{beam,
title = {Euler-Bernoulli beam equation},
url = {http://snst-hu.lzu.edu.cn/zhangyi/ndata/Euler-Bernoulli_beam_equation.html},
urldate = {2022-05-08}
}

@misc{euler_method,
title = {Forward and Backward Euler Methods},
url = {https://web.mit.edu/10.001/Web/Course_Notes/Differential_Equations_Notes/node3.html},
urldate = {2022-05-08}
}

@article{cantilever,
  doi = {10.1063/1.2401053},
  url = {https://doi.org/10.1063/1.2401053},
  year = {2006},
  publisher = {AIP Publishing},
  volume = {100},
  number = {11},
  pages = {114916},
  author = {Cornelis A. Van Eysden and John E. Sader},
  title = {Resonant frequencies of a rectangular cantilever beam immersed in a fluid},
  journal = {Journal of Applied Physics}
}

@book{bilicz,
author = {Dr. Bilicz Sándor},
year = {2010},
title = {Elektromágneses terek. Példatár},
publisher = {Műegyetemi Kiadó},
isbn = {978-963-313-298-2}
}

@article{thermal_MEMS,
  doi = {10.1088/0960-1317/14/2/009},
  url = {https://doi.org/10.1088/0960-1317/14/2/009},
  year = {2003},
  month = nov,
  publisher = {IOP Publishing},
  volume = {14},
  number = {2},
  pages = {226--234},
  author = {John M Maloney and David S Schreiber and Don L DeVoe},
  title = {Large-force electrothermal linear micromotors},
  journal = {Journal of Micromechanics and Microengineering}
}

@INPROCEEDINGS{CMOS_I_measure,
  author={Castaldo, Fernando C. and Mognon, Vilson R. and dos Reis Filho, Carlos A.},
  booktitle={2008 IEEE Power Electronics Specialists Conference},
  title={Magnetically-coupled current sensors using CMOS split-drain transistors},
  year={2008},
  volume={},
  number={},
  pages={4777-4780},
  doi={10.1109/PESC.2008.4592727}
  }

 @article{KPFM_1,
    doi = {10.1016/0040-6090(95)06772-8},
    url = {https://doi.org/10.1016/0040-6090(95)06772-8},
    year = {1996},
    month = {2},
    publisher = {Elsevier BV},
    volume = {273},
    number = {1-2},
    pages = {279--283},
    author = {Masatoshi Yasutake and Daisuke Aoki and Masamichi Fujihira},
    title = {Surface potential measurements using the Kelvin probe force microscope},
    journal = {Thin Solid Films}
  }

 @article{KPFM_2,
  doi = {10.3791/52327},
  url = {https://doi.org/10.3791/52327},
  year = {2014},
  month = {11},
  publisher = {MyJove Corporation},
  number = {93},
  author = {Eric Birkenhauer and Suresh Neethirajan},
  title = {Surface Potential Measurement of Bacteria Using Kelvin Probe Force Microscopy},
  journal = {Journal of Visualized Experiments}
}

@article{el_stat_MEMS,
  doi = {10.1007/s10470-010-9551-z},
  url = {https://doi.org/10.1007/s10470-010-9551-z},
  year = {2010},
  month = nov,
  publisher = {Springer Science and Business Media {LLC}},
  volume = {71},
  number = {1},
  pages = {11--20},
  author = {V. Sz{\'{e}}kely and P. G. Szab{\'{o}}},
  title = {Blind tracing of mechanical movement in electrostatic {MEMS} structures},
  journal = {Analog Integrated Circuits and Signal Processing}
}

@article{Garrett_Brattain,
  doi = {10.1103/physrev.99.376},
  url = {https://doi.org/10.1103/physrev.99.376},
  year = {1955},
  month = jul,
  publisher = {American Physical Society ({APS})},
  volume = {99},
  number = {2},
  pages = {376--387},
  author = {C. G. B. Garrett and W. H. Brattain},
  title = {Physical Theory of Semiconductor Surfaces},
  journal = {Physical Review}
}

@PHDTHESIS{QTC_MEMS,
  author = {Szabó Péter Gábor},
  title = {Elektrotermikus mikrorendszerek modellezése és karakterizációja},
  school = {Budapesti Műszaki és Gazdaságtudományi Egyetem Villamosmérnöki és Informatikai Kar},
  year = {2011}
 }

 @misc{bessel,
 title = {Vibrations of Ideal Circular Membranes (e.g. Drums) and Circular Plates},
 url = {https://courses.physics.illinois.edu/phys406/sp2017/Lecture_Notes/P406POM_Lecture_Notes/P406POM_Lect4_Part2.pdf},
 urldate = {2022-05-08}
 }

 @inproceedings{piezoresistivity,
  title={Comparison between p-type and n-type silicon piezotransducers fabricated in CMOS technology},
  author={Jos{\'e} Luis Ram{\'i}rez and Fabiano Fruett},
  year={2018}
}

@misc{Illinois_diffusion,
title = {Diffúziós koncentráció profil kalkulátor},
url = {https://fabweb.ece.illinois.edu/utilities/difcad/default.aspx},
urldate = {2022-05-08}
}

@misc{CMP,
title = {Circuits Multi-Projects},
url = {https://mycmp.fr/},
urldate = {2022-05-08}
}

@article{KOH_etch,
  doi = {10.1016/s0924-4247(01)00906-2},
  url = {https://doi.org/10.1016/s0924-4247(01)00906-2},
  year = {2002},
  month = apr,
  publisher = {Elsevier {BV}},
  volume = {99},
  number = {1-2},
  pages = {104--111},
  author = {Rodica Iosub and Carmen Moldovan and M. Modreanu},
  title = {Silicon membranes fabrication by wet anisotropic etching},
  journal = {Sensors and Actuators A: Physical}
}

@misc{H9SOI-FEM,
title = {STMICROELECTRONICS H9SOI-FEM},
url = {https://mycmp.fr/wp-content/uploads/2021/07/h9soifem_overview_cmp_mar-15.pdf},
urldate = {2022-05-08}
}
